
@Book{Puterman_MDP,
  author =   "Puterman, M. L.",
  title =    "Markov decision processes: discrete stochastic dynamic programming",
  publisher =    "John Wiley \& Sons.",
  year =   "1994",
  
}

@inproceedings{langley00,
 author    = {P. Langley},
 title     = {Crafting Papers on Machine Learning},
 year      = {2000},
 pages     = {1207--1216},
 editor    = {Pat Langley},
 booktitle     = {Proceedings of the 17th International Conference
              on Machine Learning (ICML 2000)},
 address   = {Stanford, CA},
 publisher = {Morgan Kaufmann}
}

@inproceedings{cql,
 author = {Kumar, Aviral and Zhou, Aurick and Tucker, George and Levine, Sergey},
 title = {Conservative Q-Learning for Offline Reinforcement Learning},
 pages = {1179--1191},
 booktitle = {Advances in Neural Information Processing Systems},
 volume = {33},
 year = {2020}
}

@inproceedings{edac,
 author    = {An, G. and Moon, S. and Kim, J. H. and Song, H. O. },
 title     = {Uncertainty-based offline reinforcement learning with diversified q-ensemble},
 year      = {2021},
 pages     = {7436-7447},
 booktitle = {Proceedings of the 34th Advances in neural information processing systems},
}

@inproceedings{sac,
 author    = {Tuomas Haarnoja and Aurick Zhou and Pieter Abbeel and Sergey Levine},
 title     = {Soft actor-critic: Off-policy
maximum entropy deep reinforcement learning with a stochastic actor},
 year      = {2018},
 pages     = {1861-1870},
 booktitle = {International conference on machine learning},
}

@inproceedings{d4rl,
 author    = {Fu, Justin and Kumar, A. and Nachum, O. and Tucker, G. and Levine, S.},
 title     = {D4rl: Datasets for deep data-driven reinforcement learning},
 year      = {2020},
 booktitle = {arXiv preprint arXiv:2004.07219},
}

@inproceedings{atac,
 author    = {Cheng, C. A. and Xie, T. and Jiang, N. and Agarwal, A.},
 title     = {Adversarially trained actor critic for offline reinforcement learning},
 year      = {2022},
 pages     = {3852-3878},
 booktitle = {International conference on machine learning},
}

@inproceedings{iql,
 title={Offline Reinforcement Learning with Implicit Q-Learning},
 author={Ilya Kostrikov and Ashvin Nair and Sergey Levine},
 booktitle={International Conference on Learning Representations},
 year={2022},
 url={https://openreview.net/forum?id=68n2s9ZJWF8}
}

@inproceedings{rorl,
 title={{RORL}: Robust Offline Reinforcement Learning via Conservative Smoothing},
 author={Rui Yang and Chenjia Bai and Xiaoteng Ma and Zhaoran Wang and Chongjie Zhang and Lei Han},
 booktitle={Advances in Neural Information Processing Systems},
 editor={Alice H. Oh and Alekh Agarwal and Danielle Belgrave and Kyunghyun Cho},
 year={2022},
}

@inproceedings{gan,
 title = {Generative Adversarial Nets},
 author = {Goodfellow, Ian and Pouget-Abadie, Jean and Mirza, Mehdi and Xu, Bing and Warde-Farley, David and Ozair, Sherjil and Courville, Aaron and Bengio, Yoshua},
 booktitle = {Advances in Neural Information Processing Systems},
 volume = {27},
 year = {2014}
}










@TechReport{mitchell80,
  author =   "T. M. Mitchell",
  title =    "The Need for Biases in Learning Generalizations",
  institution =  "Computer Science Department, Rutgers University",
  year =   "1980",
  address =  "New Brunswick, MA",
}

@phdthesis{kearns89,
  author = {M. J. Kearns},
  title =  {Computational Complexity of Machine Learning},
  school = {Department of Computer Science, Harvard University},
  year =   {1989}
}

@Book{MachineLearningI,
  editor =   "R. S. Michalski and J. G. Carbonell and T.
      M. Mitchell",
  title =    "Machine Learning: An Artificial Intelligence
      Approach, Vol. I",
  publisher =    "Tioga",
  year =   "1983",
  address =  "Palo Alto, CA"
}

@Book{DudaHart2nd,
  author =       "R. O. Duda and P. E. Hart and D. G. Stork",
  title =        "Pattern Classification",
  publisher =    "John Wiley and Sons",
  edition =      "2nd",
  year =         "2000"
}

@misc{anonymous,
  title= {Suppressed for Anonymity},
  author= {Author, N. N.},
  year= {2021}
}

@InCollection{Newell81,
  author =       "A. Newell and P. S. Rosenbloom",
  title =        "Mechanisms of Skill Acquisition and the Law of
                  Practice", 
  booktitle =    "Cognitive Skills and Their Acquisition",
  pages =        "1--51",
  publisher =    "Lawrence Erlbaum Associates, Inc.",
  year =         "1981",
  editor =       "J. R. Anderson",
  chapter =      "1",
  address =      "Hillsdale, NJ"
}


@Article{Samuel59,
  author =   "A. L. Samuel",
  title =    "Some Studies in Machine Learning Using the Game of
      Checkers",
  journal =  "IBM Journal of Research and Development",
  year =   "1959",
  volume =   "3",
  number =   "3",
  pages =  "211--229"
}
